<?xml version="1.0" encoding="UTF-8"?><collection xmlns="http://www.loc.gov/MARC21/slim"><record><leader>00683nam--2200181-i-4500</leader><controlfield tag="001">000033542</controlfield><controlfield tag="002">20161230</controlfield><controlfield tag="005">20161230201039</controlfield><controlfield tag="008">060222s1000------------r-----000-0-eng-d</controlfield><datafield ind1=" " ind2=" " tag="040"><subfield code="a">IFIN-HH</subfield></datafield><datafield ind1=" " ind2=" " tag="080"><subfield code="a">539.12</subfield></datafield><datafield ind1="1" ind2=" " tag="100"><subfield code="a">Moravcsik, Michael J</subfield></datafield><datafield ind1="1" ind2="0" tag="245"><subfield code="a">Recent developments in particle physics</subfield><subfield code="b">Proceedings of the first pacific international summer school in physics august 1965</subfield><subfield code="c">Michael j. moravcssik (ed.)</subfield></datafield><datafield ind1=" " ind2=" " tag="260"><subfield code="a">New York</subfield><subfield code="b">Gordon And Breach Science Publishers</subfield><subfield code="c">1966</subfield></datafield><datafield ind1=" " ind2=" " tag="300"><subfield code="a">263P</subfield></datafield><datafield ind1=" " ind2=" " tag="490"><subfield code="a">Nuclear Physics. A Series Of Monographs And Texts In High-energy And Low-energy Nuclear Physics</subfield><subfield code="v">Volume 2</subfield></datafield><datafield ind1=" " ind2=" " tag="852"><subfield code="a">19695</subfield><subfield code="c">539.12</subfield></datafield><datafield ind1=" " ind2=" " tag="CAT"><subfield code="a">Sys</subfield><subfield code="c">20111103</subfield><subfield code="h">132618</subfield></datafield></record></collection>